Date;Description;Category;Debit;Credit;Balance
"2019-03-26";Ultramar;"Gas & fuel";"40.0";"0";"639.34"
"2019-03-25";"McDonald's";"Fast food";"22.59";"0";"679.34"
"2019-03-25";IGA;Groceries;"7.62";"0";"701.93"
"2019-03-25";"Canadian Tire";"Auto & transport";"10.33";"0";"709.55"
"2019-03-25";"IGA Extra";Groceries;"31.65";"0";"719.88"
"2019-03-25";Pharmaprix;Pharmacy;"9.75";"0";"751.53"
"2019-03-25";"ABM deposit";Revenue;"0";"100.0";"761.28"
"2019-03-25";"Couche-Tard";"Gas & fuel";"16.09";"0";"661.28"
"2019-03-25";"McDonald's";"Fast food";"12.29";"0";"677.37"
"2019-03-22";IGA;Groceries;"11.62";"0";"689.66"
"2019-03-21";"ABM withdrawal";Withdrawal;"140.0";"0";"701.28"
"2019-03-21";IGA;Groceries;"8.01";"0";"841.28"
"2019-03-20";"Promutuel Assurance";"Car insurance";"27.29";"0";"849.29"
"2019-03-18";"Fleuriste Cote";Gifts;"50.59";"0";"876.58"
"2019-03-18";"Restaurant Bous";Restaurants;"10.47";"0";"927.17"
"2019-03-18";"ATM bill payment";"Bills & utilities";"63.0";"0";"937.64"
"2019-03-18";"ABM withdrawal";Withdrawal;"140.0";"0";"1000.64"
"2019-03-18";"Canadian Tire";"Auto & transport";"64.36";"0";"1140.64"
"2019-03-18";"Canadian Tire";"Auto & transport";"76.33";"0";"1205.00"
"2019-03-18";"Centre D'outils";Miscellaneous;"17.24";"0";"1281.33"
"2019-03-18";"Couche-Tard";"Gas & fuel";"5.08";"0";"1298.57"
"2019-03-18";"Dunns Famous";Miscellaneous;"38.34";"0";"1303.65"
"2019-03-15";SAQ;"Alcohol/bars";"50.65";"0";"1341.99"
"2019-03-15";Quebe;Miscellaneous;"0";"1394.8";"1392.64"
"2019-03-12";"Interac transfer";Transfer;"0";"40.0";"-2.16"
"2019-03-11";"Overdraft charge";Fees;"5.0";"0";"-42.16"
"2019-03-11";"Promutuel Assurance";"Car insurance";"57.29";"0";"-37.16"
"2019-03-11";"Tim Hortons";"Fast food";"1.43";"0";"20.13"
"2019-03-08";"Consolidation overdrft int.";"Bank fee";"0.02";"0";"21.56"
"2019-03-08";"Fixed monthly fees";Fees;"9.95";"0";"21.58"
"2019-03-08";"Client card point of sale fee";"Food & dining";"0";"0";"31.53"
"2019-03-08";"Tim Hortons";"Fast food";"2.0";"0";"31.53"
"2019-03-08";"IGA Extra";Groceries;"35.62";"0";"33.53"
"2019-03-08";"Interac transfer";Transfer;"0";"40.0";"69.15"
"2019-03-04";"Krispy Kreme";"Fast food";"10.75";"0";"29.15"
"2019-03-04";"Couche-Tard (Fast Food)";"Fast food";"4.6";"0";"39.90"
"2019-03-04";"Tim Hortons";"Fast food";"1.94";"0";"44.50"
"2019-03-04";"Couche-Tard";"Gas & fuel";"26.16";"0";"46.44"
"2019-02-22";"ABM deposit";Revenue;"0";"100.0";"72.60"
"2019-02-21";"Charge on returned item";Fees;"45.0";"0";"-27.40"
"2019-02-20";"Eft debit reversal";Transfer;"0";"27.29";"17.60"
"2019-02-20";"Promutuel Assurance";"Car insurance";"27.29";"0";"-9.69"
"2019-02-18";Bongia;Miscellaneous;"13.8";"0";"17.60"
"2019-02-18";"ABM deposit";Revenue;"0";"20.0";"31.40"
"2019-02-08";"Consolidation overdrft int.";"Bank fee";"0.01";"0";"11.40"
"2019-02-08";"Fixed monthly fees";Fees;"9.95";"0";"11.41"
"2019-02-08";"Client card point of sale fee";"Food & dining";"0";"0";"21.36"
"2019-02-08";"Transaction fees";Fees;"0";"0";"21.36"
"2019-02-06";"Ultramar (Fast Food)";"Fast food";"2.86";"0";"21.36"
"2019-02-06";"Canadian Tire";"Auto & transport";"3.44";"0";"24.22"
"2019-02-05";"Super C";Groceries;"6.29";"0";"27.66"
"2019-02-05";"McDonald's";"Fast food";"4.92";"0";"33.95"
"2019-02-04";"Bulk Barn";Groceries;"12.61";"0";"38.87"
"2019-02-04";"Aliments Kim";"Food & dining";"10.28";"0";"51.48"
"2019-02-04";Pharmaprix;Pharmacy;"4.59";"0";"61.76"
"2019-02-04";"McDonald's";"Fast food";"5.04";"0";"66.35"
"2019-01-31";"Tim Hortons";"Fast food";"2.0";"0";"71.39"
"2019-01-31";"ABM withdrawal";Withdrawal;"40.0";"0";"73.39"
"2019-01-31";"Interac transfer";Transfer;"0";"40.0";"113.39"
"2019-01-30";"ABM deposit";Revenue;"0";"60.0";"73.39"
"2019-01-22";"Overdraft charge";Fees;"5.0";"0";"13.39"
"2019-01-22";"Canadian Tire";"Auto & transport";"8.38";"0";"18.39"
"2019-01-22";"ABM deposit";Revenue;"0";"40.0";"26.77"
"2019-01-22";"ABM deposit";Revenue;"0";"5.0";"-13.23"
"2019-01-21";"Promutuel Assurance";"Car insurance";"27.29";"0";"-18.23"
"2019-01-11";Maxi;Groceries;"5.88";"0";"9.06"
"2019-01-11";"McDonald's";"Fast food";"12.18";"0";"14.94"
"2019-01-09";"Charge for excess transactions";Fees;"2.5";"0";"27.12"
"2019-01-09";"Fixed monthly fees";Fees;"9.95";"0";"29.62"
"2019-01-09";"Client card point of sale fee";"Food & dining";"0";"0";"39.57"
"2019-01-09";"Transaction fees";Fees;"0";"0";"39.57"
"2019-01-09";"McDonald's";"Fast food";"4.95";"0";"39.57"
"2019-01-09";"Onroute Inglesi";Miscellaneous;"3.72";"0";"44.52"
"2019-01-07";Pharmaprix;Pharmacy;"10.12";"0";"48.24"
"2019-01-07";"IGA Extra";Groceries;"15.51";"0";"58.36"
"2019-01-07";Ikea;"Home furnishing";"5.99";"0";"73.87"
"2019-01-07";"Bulk Barn";Groceries;"4.89";"0";"79.86"
"2019-01-07";Marshalls;Clothing;"44.84";"0";"84.75"
"2019-01-07";Pharmaprix;Pharmacy;"4.6";"0";"129.59"
"2019-01-07";Pharmaprix;Pharmacy;"0";"4.6";"134.19"
"2019-01-07";SAQ;"Alcohol/bars";"10.9";"0";"129.59"
"2019-01-07";Pharmaprix;Pharmacy;"13.64";"0";"140.49"
"2019-01-07";"McDonald's";"Fast food";"10.57";"0";"154.13"
"2019-01-04";Canada;Revenue;"0";"71.0";"164.70"
"2019-01-03";"Provi-soir";Groceries;"7.35";"0";"93.70"
"2019-01-02";"IGA Extra";Groceries;"3.98";"0";"101.05"
"2019-01-02";"Sports Aux Puce";Sports;"11.49";"0";"105.03"
"2019-01-02";"Sports Aux Puce";Sports;"8.05";"0";"116.52"
"2019-01-02";"McDonald's";"Fast food";"11.94";"0";"124.57"
"2019-01-02";Depanneur;"Food & dining";"3.79";"0";"136.51"
"2018-12-31";"ABM deposit";Revenue;"0";"140.0";"140.30"
"2018-12-28";"Fernande Fleuri";Miscellaneous;"13.0";"0";"0.30"
"2018-12-27";"Petro Canada";"Gas & fuel";"13.79";"0";"13.30"
"2018-12-21";"David's Tea";"Coffee shops";"39.09";"0";"27.09"
"2018-12-20";"McDonald's";"Fast food";"2.06";"0";"66.18"
"2018-12-20";"McDonald's";"Fast food";"12.98";"0";"68.24"
"2018-12-20";"Interac transfer";Transfer;"0";"40.0";"81.22"
"2018-12-20";"McDonald's";"Fast food";"6.19";"0";"41.22"
"2018-12-20";"Promutuel Assurance";"Car insurance";"27.29";"0";"47.41"
"2018-12-17";"Party Expert";Shopping;"5.74";"0";"74.70"
"2018-12-17";Maxi;Groceries;"13.16";"0";"80.44"
"2018-12-14";"Pieces D'auto";"Auto & transport";"27.0";"0";"93.60"
"2018-12-14";"Tim Hortons";"Fast food";"4.06";"0";"120.60"
"2018-12-13";"McDonald's";"Fast food";"1.15";"0";"124.66"
"2018-12-12";Fines;Miscellaneous;"23.0";"0";"125.81"
"2018-12-12";"ABM deposit";Revenue;"0";"60.0";"148.81"
"2018-12-12";"Tim Hortons";"Fast food";"2.06";"0";"88.81"
"2018-12-10";SAQ;"Alcohol/bars";"10.9";"0";"90.87"
"2018-12-07";"Fixed monthly fees";Fees;"9.95";"0";"101.77"
"2018-12-07";"Client card point of sale fee";"Food & dining";"0";"0";"111.72"
"2018-12-07";"Transaction fees";Fees;"0";"0";"111.72"
"2018-12-07";"ABM withdrawal";Withdrawal;"20.0";"0";"111.72"
"2018-12-06";"McDonald's";"Fast food";"1.71";"0";"131.72"
"2018-12-04";"McDonald's";"Fast food";"2.3";"0";"133.43"
"2018-11-30";"Provi-soir";Groceries;"7.5";"0";"135.73"
"2018-11-28";Deposit;Revenue;"0";"129.6";"143.23"
"2018-11-27";"Restaurant Bash";Restaurants;"12.59";"0";"13.63"
"2018-11-26";"Petro Canada";"Gas & fuel";"11.49";"0";"26.22"
"2018-11-20";PayPal;Transfer;"13.99";"0";"37.71"
"2018-11-20";Globo;Clothing;"14.96";"0";"51.70"
"2018-11-20";"Promutuel Assurance";"Car insurance";"27.29";"0";"66.66"
"2018-11-19";"Kenny U Pull";"Auto & transport";"42.11";"0";"93.95"
"2018-11-19";"Kenny U Pull";"Auto & transport";"3.0";"0";"136.06"
"2018-11-09";"Fixed monthly fees";Fees;"9.95";"0";"139.06"
"2018-11-09";"Client card point of sale fee";"Food & dining";"0";"0";"149.01"
"2018-11-09";"Transaction fees";Fees;"0";"0";"149.01"
"2018-11-06";"Cafe G";"Food & dining";"3.55";"0";"149.01"
"2018-11-05";"McDonald's";"Fast food";"1.71";"0";"152.56"
"2018-11-05";"ABM withdrawal";Withdrawal;"20.0";"0";"154.27"
"2018-11-05";"U-Haul";"Cleaning services";"13.17";"0";"174.27"
"2018-11-02";Starbucks;"Coffee shops";"6.49";"0";"187.44"
"2018-10-31";"Pieces D'auto";"Auto & transport";"36.41";"0";"193.93"
"2018-10-30";"ABM withdrawal";Withdrawal;"20.0";"0";"230.34"
"2018-10-29";Bongia;Miscellaneous;"37.94";"0";"250.34"
"2018-10-29";"ABM withdrawal";Withdrawal;"20.0";"0";"288.28"
"2018-10-29";"Couche-Tard (Fast Food)";"Fast food";"2.55";"0";"308.28"
"2018-10-29";"H&M";Clothing;"109.2";"0";"310.83"
"2018-10-26";"ABM deposit";Revenue;"0";"400.0";"420.03"
"2018-10-24";"Metro Plus Drou";Miscellaneous;"10.91";"0";"20.03"
"2018-10-22";"Promutuel Assurance";"Car insurance";"27.24";"0";"30.94"
"2018-10-22";Bongia;Miscellaneous;"25.29";"0";"58.18"
"2018-10-22";"McDonald's";"Fast food";"5.05";"0";"83.47"
"2018-10-19";"Couche-Tard (Fast Food)";"Fast food";"3.27";"0";"88.52"
"2018-10-19";PayPal;Transfer;"1.33";"0";"91.79"
"2018-10-19";PayPal;Transfer;"0.99";"0";"93.12"
"2018-10-19";PayPal;Transfer;"8.88";"0";"94.11"
"2018-10-19";"Provi-soir";Groceries;"5.12";"0";"102.99"
"2018-10-15";"McDonald's";"Fast food";"1.94";"0";"108.11"
"2018-10-12";"McDonald's";"Fast food";"10.57";"0";"110.05"
"2018-10-12";"McDonald's";"Fast food";"3.44";"0";"120.62"
"2018-10-09";"Fixed monthly fees";Fees;"9.95";"0";"124.06"
"2018-10-09";"Client card point of sale fee";"Food & dining";"0";"0";"134.01"
"2018-10-09";"Transaction fees";Fees;"0";"0";"134.01"
"2018-10-09";"McDonald's";"Fast food";"7.12";"0";"134.01"
"2018-10-09";"Couche-Tard";"Gas & fuel";"15.49";"0";"141.13"
"2018-10-05";"McDonald's";"Fast food";"5.15";"0";"156.62"
"2018-10-05";Canada;Revenue;"0";"71.0";"161.77"
"2018-10-04";"McDonald's";"Fast food";"3.21";"0";"90.77"
"2018-10-02";"McDonald's";"Fast food";"3.21";"0";"93.98"
"2018-10-01";"IGA Extra";Groceries;"15.51";"0";"97.19"
"2018-09-25";PayPal;Transfer;"32.2";"0";"112.70"
"2018-09-20";"Promutuel Assurance";"Car insurance";"27.2";"0";"144.90"
"2018-09-19";PayPal;Transfer;"0";"97.42";"172.10"
"2018-09-17";Maxi;Groceries;"18.58";"0";"74.68"
"2018-09-11";"Jysk Greenf";Miscellaneous;"6.9";"0";"93.26"
"2018-09-11";"Tim Hortons";"Fast food";"5.73";"0";"100.16"
"2018-09-10";"McDonald's";"Fast food";"10.91";"0";"105.89"
"2018-09-07";"Fixed monthly fees";Fees;"9.95";"0";"116.80"
"2018-09-07";"Transaction fees";Fees;"0";"0";"126.75"
"2018-09-04";"ABM withdrawal";Withdrawal;"40.0";"0";"126.75"
"2018-08-27";"ABM withdrawal";Withdrawal;"400.0";"0";"166.75"
"2018-08-27";Paypal;Miscellaneous;"0";"253.27";"566.75"
"2018-08-24";Paypal;Miscellaneous;"0";"177.56";"313.48"
"2018-08-20";"Promutuel Assurance";"Car insurance";"27.2";"0";"135.92"
"2018-08-13";"ABM deposit";Revenue;"0";"120.0";"163.12"
"2018-08-10";"Bank Of Canada";Miscellaneous;"0";"40.0";"43.12"
"2018-08-09";"ATM interac service charge";Fees;"1.5";"0";"3.12"
"2018-08-09";"Fixed monthly fees";Fees;"9.95";"0";"4.62"
"2018-08-09";"Client card point of sale fee";"Food & dining";"0";"0";"14.57"
"2018-08-09";"Transaction fees";Fees;"0";"0";"14.57"
"2018-07-20";"Promutuel Assurance";"Car insurance";"27.2";"0";"14.57"
"2018-07-16";SAQ;"Alcohol/bars";"10.9";"0";"41.77"
"2018-07-13";"ABM withdrawal";Withdrawal;"220.0";"0";"52.67"
"2018-07-12";"McDonald's";"Fast food";"18.82";"0";"272.67"
"2018-07-11";"ABM withdrawal";Withdrawal;"400.0";"0";"291.49"
"2018-07-11";"Canada Computer";Shopping;"126.46";"0";"691.49"
"2018-07-10";"Best Buy";"Electronics and software";"0";"201.77";"817.95"
"2018-07-10";"ATM interac service charge";Fees;"0";"0";"616.18"
"2018-07-10";"ABM withdrawal";Withdrawal;"83.0";"0";"616.18"
"2018-07-09";"Fixed monthly fees";Fees;"2.25";"0";"699.18"
"2018-07-09";"Client card point of sale fee";"Food & dining";"0";"0";"701.43"
"2018-07-09";"Transaction fees";Fees;"0";"0";"701.43"
"2018-07-09";"ABM withdrawal";Withdrawal;"300.0";"0";"701.43"
"2018-07-09";"Interac transfer";Transfer;"0";"1000.0";"1001.43"
"2018-07-09";"Best Buy";"Electronics and software";"201.77";"0";"1.43"
"2018-07-09";"Folie Glacee";Miscellaneous;"7.78";"0";"203.20"
"2018-07-05";Harveys;"Food & dining";"9.18";"0";"210.98"
"2018-07-05";Canada;Revenue;"0";"71.0";"220.16"
"2018-07-04";"Tim Hortons";"Fast food";"4.93";"0";"149.16"
"2018-07-04";"Tim Hortons";"Fast food";"0";"4.93";"154.09"
"2018-07-04";"Tim Hortons";"Fast food";"4.93";"0";"149.16"
"2018-07-04";"ABM withdrawal";Withdrawal;"320.0";"0";"154.09"
"2018-07-03";"ABM withdrawal";Withdrawal;"400.0";"0";"474.09"
"2018-07-03";"Charge for excess transactions";Fees;"10.0";"0";"874.09"
"2018-07-03";"Fixed monthly fees";Fees;"3.03";"0";"884.09"
"2018-07-03";"Client card point of sale fee";"Food & dining";"0";"0";"887.12"
"2018-07-03";"Transaction fees";Fees;"0";"0";"887.12"
"2018-07-03";"ABM withdrawal";Withdrawal;"400.0";"0";"887.12"
"2018-06-29";"ABM deposit";Revenue;"0";"1235.0";"1287.12"
"2018-06-28";"McDonald's";"Fast food";"11.83";"0";"52.12"
"2018-06-26";Paypal;Miscellaneous;"0";"60.0";"63.95"
"2018-06-20";"Promutuel Assurance";"Car insurance";"27.2";"0";"3.95"
"2018-06-20";Epicerie;Groceries;"5.45";"0";"31.15"
"2018-06-20";"Couche-Tard";"Gas & fuel";"6.39";"0";"36.60"
"2018-06-20";Dollarama;Shopping;"4.03";"0";"42.99"
"2018-06-20";Winners;Shopping;"34.48";"0";"47.02"
"2018-06-20";"Les Detaillants";"Auto & transport";"109.21";"0";"81.50"
"2018-06-19";"McDonald's";"Fast food";"10.8";"0";"190.71"
"2018-06-19";Paypal;Miscellaneous;"0";"50.0";"201.51"
"2018-06-19";Paypal;Miscellaneous;"0";"150.0";"151.51"
"2018-06-18";"Lunetterie F Fa";Miscellaneous;"75.0";"0";"1.51"
"2018-06-18";"Brossard Bagel";"Food & dining";"11.0";"0";"76.51"
"2018-06-18";"Tim Hortons";"Fast food";"3.08";"0";"87.51"
"2018-06-18";"McDonald's";"Fast food";"12.74";"0";"90.59"
"2018-06-18";"ABM withdrawal";Withdrawal;"100.0";"0";"103.33"
"2018-06-15";"McDonald's";"Fast food";"11.72";"0";"203.33"
"2018-06-15";"Dunns Famous";Miscellaneous;"22.48";"0";"215.05"
"2018-06-14";"Tim Hortons";"Fast food";"2.29";"0";"237.53"
"2018-06-12";"McDonald's";"Fast food";"10.19";"0";"239.82"
"2018-06-12";Paypal;Miscellaneous;"0";"250.0";"250.01"
"2018-06-11";"Canadian Tire";Shopping;"8.04";"0";"0.01"
"2018-06-11";"Tim Hortons";"Fast food";"3.89";"0";"8.05"
"2018-06-11";Depanneur;"Food & dining";"3.0";"0";"11.94"
"2018-06-08";"Charge for excess transactions";Fees;"12.5";"0";"14.94"
"2018-06-08";"Fixed monthly fees";Fees;"3.95";"0";"27.44"
"2018-06-08";"Client card point of sale fee";"Food & dining";"0";"0";"31.39"
"2018-06-08";"Transaction fees";Fees;"0";"0";"31.39"
"2018-05-23";Bongia;Miscellaneous;"48.29";"0";"31.39"
"2018-05-22";"Promutuel Assurance";"Car insurance";"27.2";"0";"79.68"
"2018-05-22";Uniprix;Pharmacy;"6.83";"0";"106.88"
"2018-05-22";"IGA Extra";Groceries;"8.57";"0";"113.71"
"2018-05-22";SAQ;"Alcohol/bars";"22.65";"0";"122.28"
"2018-05-22";"IGA Extra";Groceries;"27.96";"0";"144.93"
"2018-05-22";"The Home Depot";Renovations;"13.27";"0";"172.89"
"2018-05-17";"Couche-Tard";"Gas & fuel";"9.93";"0";"186.16"
"2018-05-16";"McDonald's";"Fast food";"1.71";"0";"196.09"
"2018-05-16";"Canadian Tire";Shopping;"8.69";"0";"197.80"
"2018-05-16";SAQ;"Alcohol/bars";"13.2";"0";"206.49"
"2018-05-15";"McDonald's";"Fast food";"1.71";"0";"219.69"
"2018-05-14";Subway;"Fast food";"10.67";"0";"221.40"
"2018-05-14";"Couche-Tard (Fast Food)";"Fast food";"4.6";"0";"232.07"
"2018-05-14";"IGA Extra";Groceries;"17.24";"0";"236.67"
"2018-05-14";Subway;"Fast food";"16.48";"0";"253.91"
"2018-05-14";"Couche-Tard (Fast Food)";"Fast food";"4.13";"0";"270.39"
"2018-05-11";"McDonald's";"Fast food";"1.71";"0";"274.52"
"2018-05-11";"ABM withdrawal";Withdrawal;"20.0";"0";"276.23"
"2018-05-10";Maxi;Groceries;"26.48";"0";"296.23"
"2018-05-10";"Jean Coutu";Pharmacy;"29.54";"0";"322.71"
"2018-05-10";"McDonald's";"Fast food";"9.52";"0";"352.25"
"2018-05-09";"Charge for excess transactions";Fees;"16.25";"0";"361.77"
"2018-05-09";"Fixed monthly fees";Fees;"3.95";"0";"378.02"
"2018-05-09";"Client card point of sale fee";"Food & dining";"0";"0";"381.97"
"2018-05-09";"Transaction fees";Fees;"0";"0";"381.97"
"2018-05-08";"ABM withdrawal";Withdrawal;"20.0";"0";"381.97"
"2018-05-07";"ABM withdrawal";Withdrawal;"400.0";"0";"401.97"
"2018-05-07";"McDonald's";"Fast food";"1.71";"0";"801.97"
"2018-05-07";"Tim Hortons";"Fast food";"8.22";"0";"803.68"
"2018-05-07";"Globle Foreign";Miscellaneous;"0";"445.28";"811.90"
"2018-05-04";"ABM withdrawal";Withdrawal;"40.0";"0";"366.62"
"2018-05-02";"ABM withdrawal";Withdrawal;"400.0";"0";"406.62"
"2018-05-02";"Canada Computer";Shopping;"149.69";"0";"806.62"
"2018-05-01";"ABM withdrawal";Withdrawal;"400.0";"0";"956.31"
"2018-05-01";Fines;Miscellaneous;"57.49";"0";"1356.31"
"2018-04-27";"Aut Pret";"Food & dining";"0";"424.0";"1413.80"
"2018-04-26";"Cafe G";"Food & dining";"9.14";"0";"989.80"
"2018-04-25";"Dunns Famous";Miscellaneous;"15.87";"0";"998.94"
"2018-04-25";"ABM withdrawal";Withdrawal;"40.0";"0";"1014.81"
"2018-04-23";"McDonald's";"Fast food";"5.51";"0";"1054.81"
"2018-04-23";Depanneur;"Food & dining";"6.33";"0";"1060.32"
"2018-04-23";Depanneur;"Food & dining";"6.35";"0";"1066.65"
"2018-04-20";"Promutuel Assurance";"Car insurance";"27.2";"0";"1073.00"
"2018-04-20";"ABM withdrawal";Withdrawal;"40.0";"0";"1100.20"
"2018-04-19";"Cafe G";"Food & dining";"7.64";"0";"1140.20"
"2018-04-17";Winners;Shopping;"45.98";"0";"1147.84"
"2018-04-16";"Provi-soir";Groceries;"14.39";"0";"1193.82"
"2018-04-13";Maxi;Groceries;"56.76";"0";"1208.21"
"2018-04-13";"McDonald's";"Fast food";"3.9";"0";"1264.97"
"2018-04-12";"ABM withdrawal";Withdrawal;"40.0";"0";"1268.87"
"2018-04-12";"Cafe G";"Food & dining";"7.64";"0";"1308.87"
"2018-04-10";Champlain;Miscellaneous;"15.49";"0";"1316.51"
"2018-04-09";"Charge for excess transactions";Fees;"25.0";"0";"1332.00"
"2018-04-09";"Fixed monthly fees";Fees;"3.95";"0";"1357.00"
"2018-04-09";"Client card point of sale fee";"Food & dining";"0";"0";"1360.95"
"2018-04-09";"Transaction fees";Fees;"0";"0";"1360.95"
"2018-04-09";"McDonald's";"Fast food";"1.71";"0";"1360.95"
"2018-04-09";"Couche-Tard";"Gas & fuel";"7.44";"0";"1362.66"
"2018-04-06";Pharmaprix;Pharmacy;"18.39";"0";"1370.10"
"2018-04-05";"Shell Oil (Fast Food)";"Fast food";"4.6";"0";"1388.49"
"2018-04-05";Canada;Revenue;"0";"70.0";"1393.09"
"2018-04-03";"Cafe G";"Food & dining";"1.5";"0";"1323.09"
"2018-04-02";"Shell Oil";"Gas & fuel";"16.09";"0";"1324.59"
"2018-04-02";"Aut Pret";"Food & dining";"0";"424.0";"1340.68"
"2018-04-02";"Provi-soir";Groceries;"10.02";"0";"916.68"
"2018-03-29";"Cafe G";"Food & dining";"7.95";"0";"926.70"
"2018-03-29";"McDonald's";"Fast food";"1.94";"0";"934.65"
"2018-03-28";"Cafe G";"Food & dining";"10.82";"0";"936.59"
"2018-03-28";"McDonald's";"Fast food";"5.51";"0";"947.41"
"2018-03-26";"Cafe G";"Food & dining";"7.64";"0";"952.92"
"2018-03-26";"McDonald's";"Fast food";"1.94";"0";"960.56"
"2018-03-26";"Genrale Tao";"Food & dining";"17.64";"0";"962.50"
"2018-03-26";"Aliments Nature";"Food & dining";"4.64";"0";"980.14"
"2018-03-23";"Charcu Polonais";Miscellaneous;"22.51";"0";"984.78"
"2018-03-23";"McDonald's";"Fast food";"3.32";"0";"1007.29"
"2018-03-22";"Online bill payment";Shopping;"104.55";"0";"1010.61"
"2018-03-22";"Cafe G";"Food & dining";"5.75";"0";"1115.16"
"2018-03-20";"ABM withdrawal";Withdrawal;"40.0";"0";"1120.91"
"2018-03-20";"Promutuel Assurance";"Car insurance";"27.2";"0";"1160.91"
"2018-03-20";"Cafe G";"Food & dining";"3.09";"0";"1188.11"
"2018-03-20";"Couche-Tard (Fast Food)";"Fast food";"4.7";"0";"1191.20"
"2018-03-19";"McDonald's";"Fast food";"11.14";"0";"1195.90"
"2018-03-19";Maxi;Groceries;"3.22";"0";"1207.04"
"2018-03-16";"Couche-Tard";"Gas & fuel";"12.94";"0";"1210.26"
"2018-03-16";"Restaurant Bash";Restaurants;"12.59";"0";"1223.20"
"2018-03-16";"McDonald's";"Fast food";"5.05";"0";"1235.79"
"2018-03-13";"Cafe G";"Food & dining";"3.8";"0";"1240.84"
"2018-03-13";"ABM withdrawal";Withdrawal;"20.0";"0";"1244.64"
"2018-03-12";Pharmaprix;Pharmacy;"16.09";"0";"1264.64"
"2018-03-12";"Skratch Brossar";Miscellaneous;"7.5";"0";"1280.73"
"2018-03-09";"Charge for excess transactions";Fees;"3.75";"0";"1288.23"
"2018-03-09";"Fixed monthly fees";Fees;"3.95";"0";"1291.98"
"2018-03-09";"Client card point of sale fee";"Food & dining";"0";"0";"1295.93"
"2018-03-09";"Transaction fees";Fees;"0";"0";"1295.93"
"2018-03-08";"Cafe G";"Food & dining";"5.75";"0";"1295.93"
"2018-03-07";"McDonald's";"Fast food";"3.32";"0";"1301.68"
"2018-03-06";"Cafe G";"Food & dining";"5.75";"0";"1305.00"
"2018-03-05";"Restaurant Bash";Restaurants;"12.6";"0";"1310.75"
"2018-02-26";"Aut Pret";"Food & dining";"0";"424.0";"1323.35"
"2018-02-26";"McDonald's";"Fast food";"4.13";"0";"899.35"
"2018-02-23";"ABM withdrawal";Withdrawal;"60.0";"0";"903.48"
"2018-02-22";"McDonald's";"Fast food";"1.15";"0";"963.48"
"2018-02-21";"Wal-Mart";Shopping;"37.4";"0";"964.63"
"2018-02-21";"ABM withdrawal";Withdrawal;"20.0";"0";"1002.03"
"2018-02-20";"Promutuel Assurance";"Car insurance";"27.2";"0";"1022.03"
"2018-02-13";"Pieces D'auto";"Auto & transport";"127.11";"0";"1049.23"
"2018-02-13";"ABM deposit";Revenue;"0";"400.0";"1176.34"
"2018-02-12";Archambault;Music;"17.24";"0";"776.34"
"2018-02-12";"H&M";Clothing;"40.23";"0";"793.58"
"2018-02-12";Winners;Shopping;"19.53";"0";"833.81"
"2018-02-12";"Giant Tiger Sto";"Food & dining";"34.49";"0";"853.34"
"2018-02-09";"Charge for excess transactions";Fees;"13.75";"0";"887.83"
"2018-02-09";"Fixed monthly fees";Fees;"3.95";"0";"901.58"
"2018-02-09";"Client card point of sale fee";"Food & dining";"0";"0";"905.53"
"2018-02-09";"Transaction fees";Fees;"0";"0";"905.53"
"2018-02-08";"McDonald's";"Fast food";"2.56";"0";"905.53"
"2018-02-01";"McDonald's";"Fast food";"3.37";"0";"908.09"
"2018-01-31";"ABM withdrawal";Withdrawal;"40.0";"0";"911.46"
"2018-01-29";"Aut Pret";"Food & dining";"0";"424.0";"951.46"
"2018-01-29";Champlain;Miscellaneous;"28.35";"0";"527.46"
"2018-01-26";"Shell Oil";"Gas & fuel";"11.49";"0";"555.81"
"2018-01-26";"McDonald's";"Fast food";"11.49";"0";"567.30"
"2018-01-22";"Promutuel Assurance";"Car insurance";"27.2";"0";"578.79"
"2018-01-22";Harveys;"Food & dining";"7.11";"0";"605.99"
"2018-01-22";"Village Des Val";"Food & dining";"17.24";"0";"613.10"
"2018-01-22";Depanneur;"Food & dining";"10.17";"0";"630.34"
"2018-01-22";"Rotisserie St-Hubert";Restaurants;"61.35";"0";"640.51"
"2018-01-17";"McDonald's";"Fast food";"9.99";"0";"701.86"
"2018-01-16";"Petro Canada";"Gas & fuel";"25.0";"0";"711.85"
"2018-01-16";"McDonald's";"Fast food";"16.86";"0";"736.85"
"2018-01-15";"Couche-Tard";"Gas & fuel";"13.32";"0";"753.71"
"2018-01-15";"Brossard Bagel";"Food & dining";"11.0";"0";"767.03"
"2018-01-15";Pharmaprix;Pharmacy;"44.82";"0";"778.03"
"2018-01-12";"Restaurant Bash";Restaurants;"15.0";"0";"822.85"
"2018-01-11";"McDonald's";"Fast food";"13.21";"0";"837.85"
"2018-01-11";"Petro Canada";"Gas & fuel";"20.0";"0";"851.06"
"2018-01-10";"ABM withdrawal";Withdrawal;"40.0";"0";"871.06"
"2018-01-10";"Brossard Bagel";"Food & dining";"8.0";"0";"911.06"
"2018-01-10";"Canadian Tire";Shopping;"90.11";"0";"919.06"
"2018-01-09";"Charge for excess transactions";Fees;"7.5";"0";"1009.17"
"2018-01-09";"Fixed monthly fees";Fees;"3.95";"0";"1016.67"
"2018-01-09";"Client card point of sale fee";"Food & dining";"0";"0";"1020.62"
"2018-01-09";"Transaction fees";Fees;"0";"0";"1020.62"
"2018-01-08";"McDonald's";"Fast food";"18.37";"0";"1020.62"
"2018-01-05";"Petro Canada";"Gas & fuel";"44.13";"0";"1038.99"
"2018-01-05";Canada;Revenue;"0";"70.0";"1083.12"
"2018-01-04";"Aliments Kim";"Food & dining";"24.8";"0";"1013.12"
"2017-12-29";SAQ;"Alcohol/bars";"51.9";"0";"1037.92"
"2017-12-22";"The Home Depot";Renovations;"23.29";"0";"1089.82"
"2017-12-22";Winners;Shopping;"11.49";"0";"1113.11"
"2017-12-20";"Master Vox Elec";Miscellaneous;"32.16";"0";"1124.60"
"2017-12-20";"Promutuel Assurance";"Car insurance";"27.2";"0";"1156.76"
"2017-12-20";"Restaurant Bash";Restaurants;"12.59";"0";"1183.96"
"2017-12-18";"Aut Pret";"Food & dining";"0";"991.0";"1196.55"
"2017-12-18";"St Petersburg";Miscellaneous;"3.92";"0";"205.55"
"2017-12-15";"Marche Nilou";Groceries;"6.5";"0";"209.47"
"2017-12-14";"ATM bill payment";"Bills & utilities";"63.0";"0";"215.97"
"2017-12-14";"ABM withdrawal";Withdrawal;"400.0";"0";"278.97"
"2017-12-11";Depanneur;"Food & dining";"23.03";"0";"678.97"
"2017-12-11";"Promutuel Assurance";"Car insurance";"27.2";"0";"702.00"
"2017-12-11";"Aut Pret";"Food & dining";"0";"130.0";"729.20"
"2017-12-11";"Tim Hortons";"Fast food";"2.06";"0";"599.20"
"2017-12-11";"McDonald's";"Fast food";"11.72";"0";"601.26"
"2017-12-11";"Couche-Tard";"Gas & fuel";"17.52";"0";"612.98"
"2017-12-08";"Charge for excess transactions";Fees;"31.25";"0";"630.50"
"2017-12-08";"Fixed monthly fees";Fees;"3.95";"0";"661.75"
"2017-12-08";"Client card point of sale fee";"Food & dining";"0";"0";"665.70"
"2017-12-08";"Transaction fees";Fees;"0";"0";"665.70"
"2017-12-07";"ABM withdrawal";Withdrawal;"60.0";"0";"665.70"
"2017-12-07";"Genrale Tao";"Food & dining";"13.6";"0";"725.70"
"2017-12-06";"Tim Hortons";"Fast food";"2.06";"0";"739.30"
"2017-12-06";Subway;"Fast food";"14.34";"0";"741.36"
"2017-12-05";"Tim Hortons";"Fast food";"2.06";"0";"755.70"
"2017-12-04";"McDonald's";"Fast food";"9.88";"0";"757.76"
"2017-12-04";"Tim Hortons";"Fast food";"13.11";"0";"767.64"
"2017-12-04";"Tim Hortons";"Fast food";"8.96";"0";"780.75"
"2017-12-01";"McDonald's";"Fast food";"10.68";"0";"789.71"
"2017-12-01";Champlain;Miscellaneous;"16.28";"0";"800.39"
"2017-11-30";"McDonald's";"Fast food";"1.15";"0";"816.67"
"2017-11-28";"Aut Pret";"Food & dining";"0";"392.0";"817.82"
"2017-11-28";"McDonald's";"Fast food";"3.78";"0";"425.82"
"2017-11-27";"McDonald's";"Fast food";"1.15";"0";"429.60"
"2017-11-27";Harveys;"Food & dining";"9.18";"0";"430.75"
"2017-11-24";"Restaurant Noui";Restaurants;"24.93";"0";"439.93"
"2017-11-24";"McDonald's";"Fast food";"1.15";"0";"464.86"
"2017-11-23";"Tim Hortons";"Fast food";"2.29";"0";"466.01"
"2017-11-23";"McDonald's";"Fast food";"22.51";"0";"468.30"
"2017-11-22";"Tim Hortons";"Fast food";"2.06";"0";"490.81"
"2017-11-22";"Cafe G";"Food & dining";"5.75";"0";"492.87"
"2017-11-21";Dollarama;Shopping;"6.33";"0";"498.62"
"2017-11-20";SAAQ;"Car insurance";"282.16";"0";"504.95"
"2017-11-17";"Artem Batutin";Miscellaneous;"0";"630.3";"787.11"
"2017-11-17";"Brossard Bagel";"Food & dining";"3.0";"0";"156.81"
"2017-11-17";"Tim Hortons";"Fast food";"8.99";"0";"159.81"
"2017-11-16";Harveys;"Food & dining";"6.43";"0";"168.80"
"2017-11-16";"McDonald's";"Fast food";"10.34";"0";"175.23"
"2017-11-15";"Petro Canada (Fast Food)";"Fast food";"4.13";"0";"185.57"
"2017-11-15";"Cafe G";"Food & dining";"5.75";"0";"189.70"
"2017-11-14";"Pizza Unik";"Food & dining";"25.15";"0";"195.45"
"2017-11-14";"McDonald's";"Fast food";"6.7";"0";"220.60"
"2017-11-14";"McDonald's";"Fast food";"6.7";"0";"227.30"
"2017-11-14";"Petro Canada";"Gas & fuel";"20.0";"0";"234.00"
"2017-11-14";"Tim Hortons";"Fast food";"3.08";"0";"254.00"
"2017-11-14";Ordicentre;Miscellaneous;"51.73";"0";"257.08"
"2017-11-14";"McDonald's";"Fast food";"1.87";"0";"308.81"
"2017-11-14";"Wendy's";"Fast food";"11.6";"0";"310.68"
"2017-11-10";"Maxi & Cie";Groceries;"3.44";"0";"322.28"
"2017-11-09";"Charge for excess transactions";Fees;"32.5";"0";"325.72"
"2017-11-09";"Fixed monthly fees";Fees;"3.95";"0";"358.22"
"2017-11-09";"Client card point of sale fee";"Food & dining";"0";"0";"362.17"
"2017-11-09";"Transaction fees";Fees;"0";"0";"362.17"
"2017-11-09";"Imaginus Canada";Miscellaneous;"49.45";"0";"362.17"
"2017-11-09";"ABM withdrawal";Withdrawal;"20.0";"0";"411.62"
"2017-11-08";"McDonald's";"Fast food";"3.37";"0";"431.62"
"2017-11-07";Depanneur;"Food & dining";"5.99";"0";"434.99"
"2017-11-07";"McDonald's";"Fast food";"6.7";"0";"440.98"
"2017-11-06";"Artem Batutin";Miscellaneous;"0";"62.78";"447.68"
"2017-11-03";Harveys;"Food & dining";"10.56";"0";"384.90"
"2017-11-03";Starbucks;"Coffee shops";"11.96";"0";"395.46"
"2017-11-03";"McDonald's";"Fast food";"1.87";"0";"407.42"
"2017-11-02";"ABM withdrawal";Withdrawal;"20.0";"0";"409.29"
"2017-11-01";Subway;"Fast food";"14.34";"0";"429.29"
"2017-11-01";"McDonald's";"Fast food";"6.7";"0";"443.63"
"2017-10-30";"Aut Pret";"Food & dining";"0";"392.0";"450.33"
"2017-10-30";"Super C";Groceries;"2.97";"0";"58.33"
"2017-10-30";"IGA Extra";Groceries;"10.58";"0";"61.30"
"2017-10-30";"McDonald's";"Fast food";"6.7";"0";"71.88"
"2017-10-30";"Urban Planet";Clothing;"56.33";"0";"78.58"
"2017-10-27";"Petro Canada (Fast Food)";"Fast food";"4.6";"0";"134.91"
"2017-10-27";"McDonald's";"Fast food";"6.7";"0";"139.51"
"2017-10-26";Subway;"Fast food";"10.67";"0";"146.21"
"2017-10-26";"Canadian Tire";Shopping;"22.7";"0";"156.88"
"2017-10-25";Subway;"Fast food";"14.34";"0";"179.58"
"2017-10-25";"McDonald's";"Fast food";"1.87";"0";"193.92"
"2017-10-25";"Couche-Tard";"Gas & fuel";"6.02";"0";"195.79"
"2017-10-24";"Couche-Tard";"Gas & fuel";"6.48";"0";"201.81"
"2017-10-24";Champlain;Miscellaneous;"12.34";"0";"208.29"
"2017-10-23";"McDonald's";"Fast food";"4.13";"0";"220.63"
"2017-10-23";"McDonald's";"Fast food";"11.03";"0";"224.76"
"2017-10-23";Harveys;"Food & dining";"4.59";"0";"235.79"
"2017-10-23";"Tim Hortons";"Fast food";"4.35";"0";"240.38"
"2017-10-23";"ABM withdrawal";Withdrawal;"40.0";"0";"244.73"
"2017-10-23";"Brossard Bagel";"Food & dining";"12.0";"0";"284.73"
"2017-10-20";"Restaurant Bash";Restaurants;"26.1";"0";"296.73"
"2017-10-19";"McDonald's";"Fast food";"5.55";"0";"322.83"
"2017-10-16";"McDonald's";"Fast food";"9.88";"0";"328.38"
"2017-10-16";"ABM withdrawal";Withdrawal;"40.0";"0";"338.26"
"2017-10-13";"Cafe G";"Food & dining";"5.75";"0";"378.26"
"2017-10-13";"McDonald's";"Fast food";"6.7";"0";"384.01"
"2017-10-12";"Tim Hortons";"Fast food";"3.43";"0";"390.71"
"2017-10-11";"ABM withdrawal";Withdrawal;"40.0";"0";"394.14"
"2017-10-10";"Aut Pret";"Food & dining";"0";"392.0";"434.14"
"2017-10-10";"ABM deposit";Revenue;"0";"70.0";"42.14"
"2017-10-06";"Consolidation overdrft int.";"Bank fee";"0.06";"0";"-27.86"
"2017-10-06";"Charge for excess transactions";Fees;"26.25";"0";"-27.80"
"2017-10-06";"Fixed monthly fees";Fees;"3.95";"0";"-1.55"
"2017-10-06";"Client card point of sale fee";"Food & dining";"0";"0";"2.40"
"2017-10-06";"Transaction fees";Fees;"0";"0";"2.40"
"2017-10-05";"McDonald's";"Fast food";"1.87";"0";"2.40"
"2017-10-04";"Tim Hortons";"Fast food";"2.85";"0";"4.27"
"2017-10-03";"McDonald's";"Fast food";"2.06";"0";"7.12"
"2017-10-02";"McDonald's";"Fast food";"25.47";"0";"9.18"
"2017-10-02";Guess;Clothing;"97.73";"0";"34.65"
"2017-10-02";Zara;Clothing;"41.28";"0";"132.38"
"2017-09-28";"ABM withdrawal";Withdrawal;"100.0";"0";"173.66"
"2017-09-28";"McDonald's";"Fast food";"1.87";"0";"273.66"
"2017-09-27";Subway;"Fast food";"14.34";"0";"275.53"
"2017-09-27";"Tim Hortons";"Fast food";"2.51";"0";"289.87"
"2017-09-26";"McDonald's";"Fast food";"6.7";"0";"292.38"
"2017-09-25";"McDonald's";"Fast food";"6.0";"0";"299.08"
"2017-09-25";"McDonald's";"Fast food";"11.95";"0";"305.08"
"2017-09-25";"Tim Hortons";"Fast food";"8.49";"0";"317.03"
"2017-09-22";"Petro Canada";"Gas & fuel";"10.0";"0";"325.52"
"2017-09-22";"McDonald's";"Fast food";"19.4";"0";"335.52"
"2017-09-22";"Bath & Body Works";"Personal care";"23.0";"0";"354.92"
"2017-09-21";"McDonald's";"Fast food";"7.68";"0";"377.92"
"2017-09-21";"ABM withdrawal";Withdrawal;"40.0";"0";"385.60"
"2017-09-19";"Pieces D'auto";"Auto & transport";"133.37";"0";"425.60"
"2017-09-19";"ABM withdrawal";Withdrawal;"40.0";"0";"558.97"
"2017-09-19";"Village Des Val";"Food & dining";"5.74";"0";"598.97"
"2017-09-18";"McDonald's";"Fast food";"4.59";"0";"604.71"
"2017-09-18";"Pieces D'auto";"Auto & transport";"23.0";"0";"609.30"
"2017-09-18";"Pieces D'auto";"Auto & transport";"40.24";"0";"632.30"
"2017-09-18";"Petro Canada";"Gas & fuel";"10.0";"0";"672.54"
"2017-09-15";"ABM withdrawal";Withdrawal;"40.0";"0";"682.54"
"2017-09-13";"Tim Hortons";"Fast food";"18.6";"0";"722.54"
"2017-09-12";Harveys;"Food & dining";"10.56";"0";"741.14"
"2017-09-11";"McDonald's";"Fast food";"1.87";"0";"751.70"
"2017-09-11";"Shell Oil (Fast Food)";"Fast food";"2.8";"0";"753.57"
"2017-09-11";"Couche-Tard";"Gas & fuel";"6.58";"0";"756.37"
"2017-09-11";Maxi;Groceries;"21.92";"0";"762.95"
"2017-09-08";"Fixed monthly fees";Fees;"3.95";"0";"784.87"
"2017-09-08";"Client card point of sale fee";"Food & dining";"0";"0";"788.82"
"2017-09-08";"Transaction fees";Fees;"0";"0";"788.82"
"2017-09-08";"Maxi & Cie";Groceries;"22.65";"0";"788.82"
"2017-09-07";"ATM bill payment";"Bills & utilities";"63.0";"0";"811.47"
"2017-09-07";"McDonald's";"Fast food";"3.78";"0";"874.47"
"2017-09-07";"McDonald's";"Fast food";"4.84";"0";"878.25"
"2017-09-05";"Wendy's";"Fast food";"10.57";"0";"883.09"
"2017-09-05";"McDonald's";"Fast food";"13.74";"0";"893.66"
"2017-09-01";Champlain;Miscellaneous;"51.71";"0";"907.40"
"2017-09-01";"McDonald's";"Fast food";"6.7";"0";"959.11"
"2017-08-22";"Aut Pret";"Food & dining";"0";"957.0";"965.81"
"2017-08-09";"Consolidation overdrft int.";"Bank fee";"0.09";"0";"8.81"
"2017-08-09";"Fixed monthly fees";Fees;"3.95";"0";"8.90"
"2017-08-09";"Client card point of sale fee";"Food & dining";"0";"0";"12.85"
"2017-08-09";"McDonald's";"Fast food";"6.43";"0";"12.85"
"2017-07-31";"McDonald's";"Fast food";"11.03";"0";"19.28"
"2017-07-21";Depanneur;"Food & dining";"6.69";"0";"30.31"
"2017-07-18";"McDonald's";"Fast food";"10.8";"0";"37.00"
"2017-07-17";Deposit;Revenue;"0";"70.0";"47.80"
"2017-07-07";"Consolidation overdrft int.";"Bank fee";"0.32";"0";"-22.20"
"2017-07-07";"Fixed monthly fees";Fees;"3.95";"0";"-21.88"
"2017-06-09";"Consolidation overdrft int.";"Bank fee";"0.25";"0";"-17.93"
"2017-06-09";"Fixed monthly fees";Fees;"3.95";"0";"-17.68"
